%YAML 1.1
%TAG !u! tag:unity3d.com,2011:
--- !u!1 &8041422747786832861
GameObject:
  m_ObjectHideFlags: 0
  m_CorrespondingSourceObject: {fileID: 0}
  m_PrefabInstance: {fileID: 0}
  m_PrefabAsset: {fileID: 0}
  serializedVersion: 6
  m_Component:
  - component: {fileID: 4622871024944478725}
  - component: {fileID: 7856633043830905567}
  - component: {fileID: 8150624665872472839}
  - component: {fileID: 5476967289499056032}
  - component: {fileID: 1451657969769195408}
  m_Layer: 0
  m_Name: Cell
  m_TagString: Untagged
  m_Icon: {fileID: 0}
  m_NavMeshLayer: 0
  m_StaticEditorFlags: 0
  m_IsActive: 1
--- !u!4 &4622871024944478725
Transform:
  m_ObjectHideFlags: 0
  m_CorrespondingSourceObject: {fileID: 0}
  m_PrefabInstance: {fileID: 0}
  m_PrefabAsset: {fileID: 0}
  m_GameObject: {fileID: 8041422747786832861}
  m_LocalRotation: {x: 0, y: 0, z: 0, w: 1}
  m_LocalPosition: {x: 0, y: 0, z: 0}
  m_LocalScale: {x: 1, y: 1, z: 1}
  m_Children: []
  m_Father: {fileID: 0}
  m_RootOrder: 0
  m_LocalEulerAnglesHint: {x: 0, y: 0, z: 0}
--- !u!212 &7856633043830905567
SpriteRenderer:
  m_ObjectHideFlags: 0
  m_CorrespondingSourceObject: {fileID: 0}
  m_PrefabInstance: {fileID: 0}
  m_PrefabAsset: {fileID: 0}
  m_GameObject: {fileID: 8041422747786832861}
  m_Enabled: 1
  m_CastShadows: 0
  m_ReceiveShadows: 0
  m_DynamicOccludee: 1
  m_MotionVectors: 1
  m_LightProbeUsage: 1
  m_ReflectionProbeUsage: 1
  m_RayTracingMode: 0
  m_RayTraceProcedural: 0
  m_RenderingLayerMask: 1
  m_RendererPriority: 0
  m_Materials:
  - {fileID: 10754, guid: 0000000000000000f000000000000000, type: 0}
  m_StaticBatchInfo:
    firstSubMesh: 0
    subMeshCount: 0
  m_StaticBatchRoot: {fileID: 0}
  m_ProbeAnchor: {fileID: 0}
  m_LightProbeVolumeOverride: {fileID: 0}
  m_ScaleInLightmap: 1
  m_ReceiveGI: 1
  m_PreserveUVs: 0
  m_IgnoreNormalsForChartDetection: 0
  m_ImportantGI: 0
  m_StitchLightmapSeams: 1
  m_SelectedEditorRenderState: 0
  m_MinimumChartSize: 4
  m_AutoUVMaxDistance: 0.5
  m_AutoUVMaxAngle: 89
  m_LightmapParameters: {fileID: 0}
  m_SortingLayerID: 0
  m_SortingLayer: 0
  m_SortingOrder: 0
  m_Sprite: {fileID: 7482667652216324306, guid: 48e93eef0688c4a259cb0eddcd8661f7, type: 3}
  m_Color: {r: 1, g: 1, b: 1, a: 1}
  m_FlipX: 0
  m_FlipY: 0
  m_DrawMode: 0
  m_Size: {x: 1, y: 1}
  m_AdaptiveModeThreshold: 0.5
  m_SpriteTileMode: 0
  m_WasSpriteAssigned: 0
  m_MaskInteraction: 0
  m_SpriteSortPoint: 0
--- !u!114 &8150624665872472839
MonoBehaviour:
  m_ObjectHideFlags: 0
  m_CorrespondingSourceObject: {fileID: 0}
  m_PrefabInstance: {fileID: 0}
  m_PrefabAsset: {fileID: 0}
  m_GameObject: {fileID: 8041422747786832861}
  m_Enabled: 1
  m_EditorHideFlags: 0
  m_Script: {fileID: 11500000, guid: 48c7139c5f565db42bdf118d0a077cfd, type: 3}
  m_Name: 
  m_EditorClassIdentifier: 
  LetterSprites:
  - {fileID: 4963718625464178563, guid: bbc73f0411504da4294e816c84b7ef75, type: 3}
  - {fileID: 7783457984840754399, guid: bbc73f0411504da4294e816c84b7ef75, type: 3}
  - {fileID: 3234300448368640894, guid: bbc73f0411504da4294e816c84b7ef75, type: 3}
  - {fileID: 7911670913450602933, guid: bbc73f0411504da4294e816c84b7ef75, type: 3}
  - {fileID: 4652326554734856401, guid: bbc73f0411504da4294e816c84b7ef75, type: 3}
  - {fileID: -6426668015567183463, guid: bbc73f0411504da4294e816c84b7ef75, type: 3}
  - {fileID: 216406037199867053, guid: bbc73f0411504da4294e816c84b7ef75, type: 3}
  - {fileID: -8235857483100294123, guid: bbc73f0411504da4294e816c84b7ef75, type: 3}
  - {fileID: -3541686595128163680, guid: bbc73f0411504da4294e816c84b7ef75, type: 3}
  - {fileID: -2756605603065543306, guid: bbc73f0411504da4294e816c84b7ef75, type: 3}
  - {fileID: -1127063002332224934, guid: bbc73f0411504da4294e816c84b7ef75, type: 3}
  - {fileID: -5901097786099144959, guid: bbc73f0411504da4294e816c84b7ef75, type: 3}
  - {fileID: 3295844289267200183, guid: bbc73f0411504da4294e816c84b7ef75, type: 3}
  - {fileID: 7112752472869403061, guid: e31ff73b5c9ddaf4b8040c75d3458a13, type: 3}
  - {fileID: 5433449995169814141, guid: e31ff73b5c9ddaf4b8040c75d3458a13, type: 3}
  - {fileID: -4252152113809563852, guid: e31ff73b5c9ddaf4b8040c75d3458a13, type: 3}
  - {fileID: -4447791616812998045, guid: e31ff73b5c9ddaf4b8040c75d3458a13, type: 3}
  - {fileID: -6342808464625005154, guid: e31ff73b5c9ddaf4b8040c75d3458a13, type: 3}
  - {fileID: 8083504644574312765, guid: e31ff73b5c9ddaf4b8040c75d3458a13, type: 3}
  - {fileID: -4461999128152558772, guid: e31ff73b5c9ddaf4b8040c75d3458a13, type: 3}
  - {fileID: 3270655726746431581, guid: e31ff73b5c9ddaf4b8040c75d3458a13, type: 3}
  - {fileID: -2983290644488427326, guid: e31ff73b5c9ddaf4b8040c75d3458a13, type: 3}
  - {fileID: -9165466868132007793, guid: e31ff73b5c9ddaf4b8040c75d3458a13, type: 3}
  - {fileID: 4461586319009975920, guid: e31ff73b5c9ddaf4b8040c75d3458a13, type: 3}
  - {fileID: -5001085640463096552, guid: 4e89d8a791be4b742ae6237b5e0f3cb7, type: 3}
  - {fileID: 3539555106843919260, guid: 4e89d8a791be4b742ae6237b5e0f3cb7, type: 3}
--- !u!61 &5476967289499056032
BoxCollider2D:
  m_ObjectHideFlags: 0
  m_CorrespondingSourceObject: {fileID: 0}
  m_PrefabInstance: {fileID: 0}
  m_PrefabAsset: {fileID: 0}
  m_GameObject: {fileID: 8041422747786832861}
  m_Enabled: 1
  m_Density: 1
  m_Material: {fileID: 0}
  m_IsTrigger: 0
  m_UsedByEffector: 0
  m_UsedByComposite: 0
  m_Offset: {x: 0, y: 0}
  m_SpriteTilingProperty:
    border: {x: 0, y: 0, z: 0, w: 0}
    pivot: {x: 0.5, y: 0.5}
    oldSize: {x: 1, y: 1}
    newSize: {x: 1, y: 1}
    adaptiveTilingThreshold: 0.5
    drawMode: 0
    adaptiveTiling: 0
  m_AutoTiling: 0
  serializedVersion: 2
  m_Size: {x: 1, y: 1}
  m_EdgeRadius: 0
--- !u!114 &1451657969769195408
MonoBehaviour:
  m_ObjectHideFlags: 0
  m_CorrespondingSourceObject: {fileID: 0}
  m_PrefabInstance: {fileID: 0}
  m_PrefabAsset: {fileID: 0}
  m_GameObject: {fileID: 8041422747786832861}
  m_Enabled: 1
  m_EditorHideFlags: 0
  m_Script: {fileID: 11500000, guid: c710d7f2f92a4124ea12d81d0d10270f, type: 3}
  m_Name: 
  m_EditorClassIdentifier: 
